@article{Arpanet,
% Paul DiMaggio
    author =       "Paul DiMaggio ",
    title =        "Q",
    journal =      "From Unequal Access to Differentiated Use: A Literature Review and Agenda for Research on Digital Inequality*",
    volume =       "32",
    number =       "8",
    pages =        "7-8",
    year =         "2002",
    DOI =          "https://digitalinclusion.typepad.com/digital_inclusion/documentos/revdimaggio.pdf"
}

@article{crime,
% times cited: 90~
% Tom Farley
    author =       "Wenke Lee,  Bo  Rotoloni",
    title =        "Emerging  cyber  threats, trends  and  technologies",
    journal =      "Telektronikk",
    volume =       "101",
    number =       "3/4",
    pages =        "22-23",
    year =         "2016"
}

@article{blockchain,
% times cited: 50~
% Vinayakumar 
    author =       " Paul J. Taylor",
    title =        " A systematic literature review of blockchain cyber security",
    journal =      "",
    volume =       "1",
    number =       "1",
    pages =        "1-2",
    year =         "2018"
  
}

@misc{blockchain,
% Joe Miller, BBC News
    author    = "Pranshu Bansal ",
    publisher = "BBC News",
    title     = "Blockchain for Cybersecurity: A Comprehensive
Survey ",
    url       = "Accessed 21 Nov 2020"
}

@misc{microsoft,
% Andrew Conwa
    author    = "Andrew Conway",
    title     = "New data from Microsoft shows how the pandemic is accelerating the digital transformation of cyber-security",
    url       = "https://www.microsoft.com/security/blog/2020/08/19/microsoft-shows-pandemic-accelerating-transformation-cyber-security/",
    note =      "Accessed on 21 Nov 2020"
}

@misc{trainModel,
% Xing Fang
    author    = "Xing Fang",
    title     = "A deep learning framework for predicting cyber attacks rates",
    url       = "https://sci-hub.do/https://jis-eurasipjournals.springeropen.com/articles/10.1186/s13635-019-0090-6",
    note =      "Accessed on 28 Oct 2017"
}

@misc{surverydata,
% Iffat A. Gheyas
    author    = "Iffat A. Gheyas",
    title     = "Detection and prediction of insider threatsto cyber security: a systematic literaturereview and meta-analysis",
    url       = "https://www.researchgate.net/publication/307527489_Detection_and_prediction_of_insider_threats_to_cyber_security_a_systematic_literature_review_and_meta-analysis",
    note =      "Accessed on 17 Oct 2017"
}

@article{prediction,
% Alireza Shameli Sendi
    author =       "Alireza Shameli Sendi,",
    title =        "Real Time Intrusion Prediction based on
Optimized Alerts with Hidden Markov Model",
    journal =      "IEEE Journal on Selected Areas in Communications",
    volume =       "32",
    number =       "6",
    pages =        "312-313",
    year =         "2012",
    DOI =          ""
}

@article{consumer,
% times cited: 50~
% Sijia Deng et al
    author =       "NortonLifeLock, a NortonLifeLock employee",
    title =        "The evolution of Nortonâ„¢ 360: A brief timeline of cyber safety",
    journal =      "Norton",
    year =         "2018",
    DOI =          ""
}

@article{iotStatistics,
% A. Lee Swindlehurst et al
    author =       "A. L. Swindlehurst et al",
    title =        "IoT Connectivity Technologies and Applications:",
    journal =      "IEEE ",
    volume =       "",
    number =       "",
    pages =        "",
    year =         "2018",
    DOI =          "3"
}

@article{modelDefinition,
% Monica Franzese
    author =       "Monica Franzese",
    title =        "Hidden Markov Models",
    journal =      "IEEE Communications Magazine",
    volume =       "52",
    number =       "1",
    pages =        "1 - 2",
    year =         "2014",
    DOI =          "https://sci-hub.do/https://www.sciencedirect.com/science/article/pii/B9780128096338204883#"
}

@misc{attackForecasting,
% IEEE
    author =    "Martin Husak IEEE",
    title =     "Survey of Attack Projection, Prediction, and Forecasting in Cyber Security",
    url =       "https://sci-hub.do/https://ieeexplore.ieee.org/document/8470942#",
    note =      "Accessed on 25 Nov 2020"
}

@misc{blockchainSurvey,
% World Health Organisation International EMF Project
    author    = "World Health Organisation",
    title     = "Security Services Using Blockchains: A State
of the Art Survey",
    url       = "https://ieeexplore.ieee.org/stamp/stamp.jsp?tp=&arnumber=8428402",
    note      = "Accessed on 26 Nov 2020"
}


@misc{situationalAwareness,
% M. R. Endsley
    author  = "M. R. Endsley,",
    title   = "situation awareness global assessment technique
(SAGAT)",
    year    = "1988",
    url     = "https://sci-hub.do/https://ieeexplore.ieee.org/document/195097#",
    note    = "Accessed on 27 Dec 2020"
}, 

@misc{csiSurvey,
% Robert Richardson, CSI Director 
    author    = "Robert Richardson, CSI Director  ",
    publisher = "CSI Computer Crime & Security
Survey",
    title     = "2008 CSI Computer Crime and Security Survey  ",
    url       = "http://www.sis.pitt.edu/jjoshi/courses/IS2150/Fall10/CSIsurvey2008.pdf"
},


@misc{nortonSecurity,
% Steve Weisman
    author    = "Steve Weisman",
    publisher = " NortonLifeLock",
    
    title     = "What is a distributed denial of service attack (DDoS) and what can you do about them? ",
    url       = "https://us.norton.com/internetsecurity-emerging-threats-what-is-a-ddos-attack-30sectech-by-norton.html"
}


@misc{nortonVirus,
% Alison Grace Johansen
    author    = "Alison Grace Johansen",
    publisher = " NortonLifeLock",
    
    title     = "What is a computer virus? ",
    url       = "https://us.norton.com/internetsecurity-malware-what-is-a-computer-virus.html"
}
